@TechReport{alstom-api,
  author =       {Nicolas Boverie},
  title =        {{API Requirements for OpenETCS}},
  institution =  {Alstom},
  year =         {2014},
  key =       {Alstom API v1.2},
  OPTtype =      {},
  OPTnumber =    {},
  OPTaddress =   {},
  month =     {June},
  note =      {\url{https://github.com/openETCS/requirements/blob/master/D2.7-Technical_Appendix/OETCS_API%20Requirements_v1.2.pdf}},
  OPTannote =    {}
}

@Manual{subset-026,
  title =        {System Requirements Specification, SUBSET-026},
  key =       {SUBSET-026},
  OPTauthor =    {},
  organization = {ERA},
  OPTaddress =   {},
  edition =   {v3.3.0},
  OPTmonth =     {},
  OPTyear =      {},
  OPTnote =      {},
  OPTannote =    {}
}

